111111111111111111111111111111111111111111111111111111111111111111111777771111111111111111111111111111111111111111111111111111111111111111111111111111111111111111111111111111111111111111111111111111111111111111111111111111111111111111163333333333333333333
111111111111111111111111111111111111111111111111111111111111111111111777771111111111111111111111111111111111111111111111111111111111111111111111111111111111111111111111111111111111111111111111111111111111111111111111111111111111111111166333333333333333333
111111111111111111111111111111111111111111111111111111111111111111111177771111111111111111111111111111111111111111111111111111111111111111111111111111111111111111111111111111111111111111117177177777777777777777777777777777777777777111176633333333333333333
111111111111111111111111111111111111111111111111111111111111111111111177777111111111111111111111111111111111111111111111111111111111111111111111111111111111111111111111111111111177777777777777777777777777777777777777777777777777777777777663333333333333333
111111111111111111111111111111111111111111111111111111111111111111111177777111111111111111111111111111111111111111111111111111111111111111111111111111111111111111111111111111117777777777777777777777777777777777777777777777777777777777777766333333333333333
111111111111111111111111111111111111111111111111111111111111111111111177777111111111111111111111111111111111111111111111111111111111111111111111111111111111111111111111111111777777777777777777777777777777777777777777777777777777777777777776666633333333333
111111111111111111111111111111111111111111111111111111111111111111111177777111111111111111111111111111111111111111111111111111111111111111111111111111111111111111111111111117777777777777777777711111111111111111111111111111111111777777666677711666333333333
111111111111111111111111111111111111111111111111111111111111111111111117777111111111111111111111111111111111111111111111111111111111111111111111111111111111111111111111111777777717111111111111111111111111111111111111111111111111111111636366611663333333333
111111111111111111111111111111111111111111111111111111111111111111111117777111111111111111111111111111111111111111111111111111111111111111111111111111111111111111111111117777777111111111111111111111111111111111111111111111111111111116633363366633333333333
111111111111111111111111111111111111111111111111111111111111111111111117777111111111111111111111111111111111111111111111111111111111111111111111111111111111111111111111177777711111111111111111111111111111111111111111111111111111111116333333333333333333333
111111111111111111111111111111111111111111111111111111111111111111111117777111111111111111111111111111111111111111111111111111111111111111111111111111111111111111111111777777111111111111111111111111111111111111111111111111111111111116633333333333333333333
111111111111111111111111111111111111111111111111111111111111111111111117777111111111111111111111111111111111111111111111111111111111111111111111111111111111111111111117777771111111111111111111111111111111111111111111111111111111111166333333333333333333333
111111111111111111111111111111111111111111111111111111111111111111111117777111111111111111111111111111111111111111111111111111111111111111111111111111111111111111111177777711111111111111111111111111111111111111111111111111111111111633333333333333333333333
111111111111111111111111111111111111111111111111111111111111111111111117777111111111111111111111111111111111111111111111111111111111111111111111111111111111111111111777777111111111111111111111111111111111111111111111111111111111116333333333333333333333333
111111111111111111111111111111111111111111111111111111111111111111111117777111111111111111111111111111111111111111111111111111111111111111111111111111111111111111117777771111111111111111111111111111111111111111111111111111111111163333333333333333333333333
111111111111111111111111111111111111111111111111111111111111111111111117777711111111111111111111111111111111111111111111111111111111111111111111111111111111111111177777711111111111111111111111111111111111111111111111111111111111633333333333333333333333333
111111111111111111111111111111111111111111111111111111111111111111111117777711111111111111111111111111111111111111111111111111111111111111111111111111111111111111177777111111111111111111111111111111111111111111111111111111111111633333333333333333333333333
111111111111111111111111111111111111111111111111111111111111111111111111777711111111111111111111111111111111111111111111111111111111111111111111111111111111111111777771111111111111111111111111111111111111111111111111111111111116633333333333333663333333333
111111111111111111111111111111111111111111111111111111111111111111111111777711111111111111111111111111111111111111111111111111111111111111111111111111111111111117777711111111111111111111111111111111111111111111111111111111111116333333333333666163333333333
111111111111111111111111111111111111111111111111111111111111111111111111777771111111111111111111111111111111111111111111111111111111111111111111111111111111111177777111111111111111111111111111111111111111111111111111111111111116333333333366111116333333333
111111111111111111111111111111111111111111111111111111111111111111111111177771111111111111111111111111111111111111111111111111111111111111111111111111111111111777771111111111111111111111111111111111111111111111111111111111111163333333333611111116333333333
111111111111111111111111111111111111111111111111111111111111111111111111177771111111111111111111111111111111111111111111111111111111111111111111111111111111117777771111111111111111111111111111111111111111111111111111111111116633333333336111111111666333333
111111111111111111111111111111111111111111111111111111111111111111111111177777111111111111111111111111111111111111111111111111111111111111111111111111111111177777711111111111111111111111111111111111111111111111111111111111663333333333361111111111116333333
111111111111111111111111111111111111111111111111111111111111111111111111117777711111111111111111111111111111111111111111111111111111111111111111111111111111777777111111111111111111111111111111111111111111111111111111111166333333333333611111111111111663333
111111111111111111111111111111111111111111111111111111111111111111111111111777711111111111111111111111111111111111111111111111111111111111111111111111111117777771111111111111111111111111111111111111111111111111111111111633333333333666111111111111111163333
111111111111111111111111111111111111111111111111111111111111111111111111111777771111111111111111111111111111111111111111111111111111111111111111111111111117777771111111111111111111111111111111111111111111111111111111166333333333336111111111111111111166333
111111111111111111111111111111111111111111111111111111111111111111111111111177777111111111111111111111111111111111111111111111111111111111111111111111111177777711111111111111111111111111111111111111111111111111111111663333333333361111111111111111111116333
111111111111111111111111111111111111111111111111111111111111111111111111111177777711111111111111111111111111111111111111111111111111111111111111111111111177777111111111111111111111111111111111111111111111111111111116633333333333611111111111111111111111633
111111111111111111111111111111111111111111111111111111111111111111111111111117777777111111111111111111111111111111111111111111111111111111111111111111111777771111111111111111111111111111111111111111111111111111111163333333333333611111111111111111111111633
111111111111111111111111111111111111111111111111111111111111111111111111111111777777711111111111111111111111111111111111111111111111111111111111111111111777771111111111111111111111111111111111111111111111111111116633333333333336111111111111111111111111163
111111111111111111111111111111111111111111111111111111111111111111111111111111177777777777777111111111111111111111111111111111111111111111111111111111117777711111111111111111111111111111111111111111111111111111666333333333333361111111111111111111111111163
111111111111111111111111111111111111111111111111111111111111111111111111111111117777777777777777777111111111111111111111111111111111111111111111111111177777111111111111111111111111111111111111111111111111111666333333333333333611111111111111111111111111163
111111111111111111111111111111111111111111111111111111111111111111111111111111111777777777777777777777771111111111111111111111111111111111111111111111177771111111111111111111111111111111111111111111111111166333333333333333336111111111111111111111111111116
611111111111111111111111111111111111111111111111111111111111111111111111111111111177777777777777777777777111111111111111111111111111111111111111111111777771111111111111111111111111111111111111111111111111663333333333333166661111111111111111111111111111116
661111111111111111111111111111111111111111111111111111111111111111111111111111111111177777777777777777777771111111111111111111111111111111111111111111777711111111111111111111111111111111111111111111111116333333333333333611111111111111111111111111111111116
361111111111111111111111111111111111111111111111111111111111111111111111111111111111111111177777777777777777711111111111111111111111111111111111111117777711111111111111111111111111111111111111111111111116333333333333366111111111111111111111111111111111111
336111111111111111111111111111111111111111111111111111111111111111111111111111111111111111111111111117777777771111111111111111111111111111111111111117777111111111111111111111111111111111111111111111111663333333333333611111111111111111111111111111111111116
336111111111111111111111111111111111111111111111111111111111111111111111111111111111111111111111111111177777777711111111111111111111111111111111111177777111111111111111111111111111111111111111111111116333333333333336111111111111111111111111111111111111116
336111111111111111111111111111111111111111111111111111111111111111111111111111111111111111111111111111111777777771111111111111111111111111111111111777771111111111111111111111111111111111111111111111666333333333636661111111111111111111111111111111111111116
333611111111111111111111111111111111111111111111111111111111111111111111111111111111111111111111111111111117777777111111111111111111111111111111117777711111111111111111111111111111111111111111111176633333333336161111111111111111111111111111111111111111166
333611111111111111111111111111111111111111111111111111111111111111111111111111111111111111111111111111111111777777711111111111111111111111111111117777111111111111111111111111111111111111111111111633333333333361111111111111111111111111111111111111111111163
333661111111111111111111111111111111111111111111111111111111111111111111111111111111111111111111111111111111177777771111111111111111111111111111177777111111111111111111111111111111111111111111166333333333336611111111111111111111111111111111111111111111163
333366111111111111111111111111111111111111111111111111111111111111111111111111111111111111111111111111111111117777777111111111111111111111111111177771111111111111111111111111111111111111111111163333333333361111111111111111111111111111111111111111111111663
333336111111111111111111111111111111111111111111111111111111111111111111111111111111111111111111111111111111111177777711111111111111111111111111777771111111111111111111111111111111111111111111663333333336611111111111111111111111111111111111111111111116633
333333661111111111111111111111111111111111111111111111111111111111111111111111111111111111111111111111111111111117777771111111111111111111111117777711111111111111111111111111111111111111111116633333333336111111111111111111111111111111111111111111111116333
333333361111111111111111111111111111111111111111111111111111111111111111111111111111111111111111111111111111111111777777111111111111111111111177777111111111111111111111111111111111111111111166333333333361111111111111111111111111111111111111111111111116333
333333336111111111111111111111111111111111111111111111111111111111111111111111111111111111111111111111111111111111177777711111111111111111111177777111111111111111111111111111111111111111111163333333336361111111111111111111111111111111111111111111111116333
333333333611111111111111111111111111111111111111111111111111111111111111111111111111111111111111111111111111111111117777711111111111111111111777777111111111111111111111111111111111111111111663333333361611111111111111111111111111111111111111111111111116333
333333333361111111111111111111111111111111111111111111111111111111111111111111111111111111111111111111111111111111111777771111111111111111111777777111111111117111111777711711111111111111116633333333611111111111111111111111111111111111111111111111111116333
333333333361111111111111111111111111111111111111111111111111111111111111111111111111111111111111111111111111111111111777777111111111111111117777777711111717777777777777777777111111111111166333333336111111111111111111111111111111111111111111111111111111633
333333333336111111111111111111111111111111111111111111111111111111111111111111111111111111111111111111111111111111111177777111111111111111177777777777777777777777777777777777771111111111666333333361111111111111111111111111111111111111111111111111111111633
333333333333611111111111111111111111111111111111111111111111111111111111111111111111111111111111111111111111111111111117777711111111111111117777777777777777777777777777777777777711111111633333333611111111111111111111111111111111111111111111111111111111663
333333333333361111111111111111111111111111111111111111111111111111111111111111111111111111111111111111111111111111111111777711111111111111177777777777777777777777777777777777777771111116633333336611111111111111111111111111111111111111111111111111111111163
333333333333336111111111111111111111111111111111111111111111111111111111111111111111111111111111111111111111111111111111777771111111111111177777777777777777777777777777777777777777711163333333336111111111111111111111111111111111111111111111111111111111163
333333333333333611111111111111111111111111111111111111111111111111111111111111111111111111111111111111111111111111111111177771111111111111777777117777777777717117111111111117777777777633333333336111111111111111111111111111111111111111111111111111111111163
333333333333333611111111111111111111111111111111111111111111111111111111111111111111111111111111111111111111111111111111177771111111111177777777111177711111111111111111111111117777777333333333361111111111111111111111111111111111111111111111111111111111633
333333333333333611111111111111111111111111111111111111111111111111111111111111111111111111111111111111111111111111111111177771111111111777777771111111111111111111111111111111111777777733333333611111111111111111111111111111111111111111111111111111111111633
333333333333333361111111111111111111111111111111111111111111111111111111111111111111111111111111111111111111111111111111177771111111117777777711111111111111111111111111111111111177777773333333611111111111111111111111111111111111111111111111111111111111633
666333333333333377777777771111111111111111111111111111111111111111111111111111111111111111111111111111111111111111111111777771111111177777777111111111111111111111111111111111111117777777333366111111111111111111111111111111111111111111111111111111111111633
111666333333333777777777777771111111111111111111111111111111111111111111111111111111111111111111111111111111111111111111777771111111777777771111111111111111111111111111111111116663377777773361111111111111111111111111111111111111111111111111111111111111633
111111663333333777777777777777711111111111111111111111111111111111111111111111111111111111111111111177777711111111111117777777111117777777111111111111111111111111111111111111163633333777777611111111111111111111111111111111111111111111111111111111111111633
111111163333337777777777777777777111111111111111111111111111111111111111111111111111111111111111177777777777777177117777777777111777777771111111111111111111111111111111111111663333333377777711111111111111111111111111111111111111111111111111111111111116333
111111116333337777777777777777777777111111111111111111111111111111111111111111111111111111111117777777777777777777777777777777117777777711111111111111111111111111111111166166333333333337777771111111111111111111111111111111111111111111111111111111111116333
111111111663377777111111117777777777711111111111111111111111111111111111111111111111111111117777777777777777777777777777777777777777777111111111111111111111111111111111633663333333333333777777111111111111111111111111111111111111111111111111111111111116333
111111111116777773611111111111777777777111111111111111111111111111111111111111111111111111777777777777777777777777777777777777777777771111111111111111111111111111111111633333333333333336177777771111111111111111111111111111111111111111111111111111111116633
111111111111777773361111111111111777777771111111111111111111111111111111111111111111111117777777777771177177717777777777777777777777711111111111111111111111111111111166333333333333333361117777777111111111111111111111111111111111111111111111111111111111633
111111111117777733361111111111111117777777111111111111111111111111111111111111111111111117777777711111111111111717777777777777777777111111111111111111111111111111116633333333333333333611111777777711111111111111111111111111111111111111111111111111111111633
111111111177777733336111111111111111177777771111111111111111111111111111111111111111111177777711111111111111111111111717777777777771111111111111111111111111111111116333333333333333366111111117777711111111111111111111111111111111111111111111111111111111633
111111111177777333336111111111111111117777777711111111111111111111111111111111111111111777771111111111111111111111111117777777777771111111111111111111111111111111116333333333333333611111111111777771111111111111111111111111111111111111111111111111111111633
111111111777777633333611111111111111111177777777111111111111111111111111111111111111117777711111111111111111111111111117777777777711111111111111111111111111111111163333333333333366111111111111177777111111111111111111111111111111111111111111111111111111163
111111117777771633333611111111111111111117777777711111111111111111111111111111111111177777111111111111111111111111111111727277777111111111111111111111111111111111663333333333333361111111111111177777111111111111111111111111111111111111111111111111111111163
111111177777711663333361111111111111111111177777777111111111111111111111111111111111777771111111111111111111111111111111277777721111111111111111111111111111111111633333333333336611111111111111117777111111111111111111111111111111111111111111111111111111163
111111777777111163333361111111111111111111111777777711111111111111111111111111111117777711111111111111111111111111111111772272721111111111111111166661111111111166333333333333336111111111111111117777711111111111111111111111111111111111111111111111111111163
171777777771111163333361111111111111111111111117777771111111111111111111111111111177777111111111111111111111111111111111127222271111111111111111633366666661111163333333333333336111111111111111111777711111111111111111111111111111111111111111111111111111633
777777777711111116333336111111111111111111111111177777711111111111111111111111111777777111111111111111111111116661111111127727221111111111111116333336633361666633333333333333361111111111111111111777711111111111111111111111111111111111111111111111111111633
777777777111111111333336111111111111111111111111117777777111111111111111111111117777771111111111111111116666666366666666422222224666611111166663333333333336633633333333333333611111111111111111111777711111111111111111111111111111111111111111111111111166333
777777771111111116333336111111111111111111111111111777777711111111111111111111177777711111111111111111166333333333333333422222224333366666636333333333333336333333333333333333611111111111111111111177771111111111111111111111111111111111111111111111111633333
777777711111111111633336111111111111111111111111111117777771111111111111111111777777111111111111111166633333333333333333422222224333333363333333333333333333333333333333333366111111111111111111111177771111111111111111111111111111111111111111111111111166333
777771111111111111133333611111111111111111111111111111177777111111111111111117777771111111111111166663333333333333333333422222224333333333333333333333333333333333333333333611111111111111111111111177771111111111111111111111111111111111111111111111111116333
777711111111111111633333611111111111111111111111111111117777771111111111111177777711111111111116633333333333333333333333422222224333333333333333333333333333333333333333333611111111111111111111111177771111111111111111111111111111111111111111111111111116633
711111111111111111633333611111111111111111111111111111111777777711111111111177777111111111116666333333333333333333333333422222224333333333333333333333333333333333333333333361111111111111111111111177771111111111111111111111111111111111111111111111111111163
111111111111111111633333611111111111111111111111111111111177777777111111111777711111111111166333333333333333333333333333422222224333333333333333333333333333333333333333333361111111111111111111111177777111111111111111111111111111111111111111111111111111163
111111111111111111633333611111111111111111111111111111111117777777771111117777711111111111663333333333333333333333333333422222224333333333333333333333333333333333333333333661111111111111111111111117777111111111111111111111111111111111111111111111111111163
111111111111111166633336111111111111111111111111111111111111777777777711117777111111111116663333333333333333333333333333422222224333333333333333333333333333333333333333333611111111111111111111111117777111111111111111111111111111111111111111111111111111163
111111111111111116633336111111111111111111111111111111111111117777777777177777111111111111633333333333333333333333333333422222224333333333333333333333333333333333333333336111111111111111111111111117777711111111111111111111111111111111111111111111111111163
111111111111111166333336111111111111111111111111111111111111111777777777777771111111111111633333333333333333333333333333422222224333333333333333333333333333333333333333361111111111111111111111111117777711111111111111111111111111111111111111111111111111663
111111111111111666333361111111111111111111111111111111111111111117777777777771111111111116633333333333333333333333333333422222224333333333333333333333333333333333333333361111111111111111111111111111777711111111111111111111111111111111111111111111111116633
111111111111166663333361111111111111111111111111111111111111111111777777777711111111111163333333333333333333333333333333422222224333333333333333333333333333333333333333361111111111111111111111111111777711111111111111111111111111111111111111111111111166333
111661111116666333333361111111111111111111111111111111111111111111177777777711111111111663333333333333333333333333333333422222224333333333333333333333333333333333333333336111111111111111111111111111777711111111111111111111111111111111111111111111111636333
166666616666663333333611111111111111111111111111111111111111111111117777777111111111116633333333333333333333333333333333422222224333333333333333333333333333333333333333361111111111111111111111111111777771111111111111111111111111111111111111111111111163333
666333666636333333333611111111111111111111111111111111111111111111117777771111111111166633333333333333333333333333333333422222224333333333333333333333333333333333333333361111111111111111111111111111177771111111111111111111111111111111111111111111111116333
333333333333333333366111111111111111111111111111111111111111111111117777771111111166666333333333333333333333333333333333422222224333333333333333333333333333333333333333336111111111111111111111111111177771111111111111111111111111111111111111111111111116333
333333333333333333611111111111111111111111111111111111111111111111117777711111111663333333333333333333333333333333333333422222224333333333333333333333333333333333333333336111111111111111111111111111177771111111111111111111111111111111111111111111111116333
333333333333333333611111111111111111111111111111111111111111111111177777111111166333333333333333333333333333333333333333422222224333333333333333333333333333333333333333333611111111111111111111111111177771111111111111111111111111111111111111111111111116633
333333333333333336111111111111111111111111111111111111111111111111177777111111163333333333333333333333333333333333333333422222224333333333333333333333333333333333333333333611111111111111111111111111177771111111111111111111111111111111111111111111111111663
333333333333333361111111111111111111111111111111111111111111111111777771111111663333333333333333333333333333333333333333422222224333333333333333333333333333333333333333333611111111111111111111111111177771111111111111111111111111111111111111111111111111163
333333333333366661111111111111111111111111111111111111111111111111777771111111633333333333333333333333333333333333333333422222224333333333333333333333333333333333333333333611111111111111111111111111177771111111111111111111111111111111111111111111111111116
333333333333611111111111111111111111111111111111111111111111111117777711111111633333333333333333333333333333333333333333422222224333333333333333333333333333333333333333336611111111111111111111111111177771111111111111111111111111111111111111111111111111163
333333633666111111111111111111111111111111111111111111111111111117777711111111633333333333333333333333333333333333333333422222224333333333333333333333333333333333333333361111111111111111111111111111177771111111111111111111111111111111111111111111111111163
663366666111111111111111111111111111111111111111111111111111111177777111111116633333333333333333333333333333333333333333422222224333333333333333333333333333333333333333361111111111111111111111111111177771111111111111111111111111111111111111111111111111163
116661111111111111111111111111111111111111111111111111111111111177777111111116333333333333333333333344444444444444444444422222224444444444444444444443333333333333333333361111111111111111111111111111177771111111111111111111111111111111111111111111111111116
111111111111111111111111111111111111111111111111111111111111111177771111111116333333333333333333333344444444444444444444422222224444444444444444444443333333333333333333361111111111111111111111111111177771111111111111111111111111111111111111111111111111116
111111111111111111111111111111111111111111111111111111111111111177771111111163333333333333333333333344222222224222222222222222222222222222422222222443333333333333333333361111111111111111111111111111177771111111111111111111111111111111111111111111111111163
111111111111111111111111111111111111111111111111111111111111111177771111111163333333333333333333333344222222222222222222222222222222222222222222222443333333333333333333361111111111111111111111111111177771111111111111111111111111111111111111111111111111163
111111111111111111111111111111111111111111111111111111111111111177771111111163333333333333333333333344222222222222222222222222222222222222222222222443333333333333333333361111111111111111111111111111177771111111111111111111111111111111111111111111111111166
111111111111111111111111111111111111111111111111111111111111111177771111111163333333333333333333333344222222222222222222222222222222222222222222222443333333333333333333361111111111111111111111111111777771111111111111111111111111111111111111111111111111163
111111111111111111111111111111111111111111111111111111111111111177771111111663333333333333333333333344222222222222222222222222222222222222222222222443333333333333333333361111111111111111111111111111777711111111111111111111111111111111111111111111111111163
111111111111111111111111111111111111111111111111111111111111111177771111111633333333333333333333333344222222222222222222222222222222222222222222222443333333333333333333361111111111111111111111111111777711111111111111111111111111111111111111111111111111163
111111111111111111111111111111111111111111111111111111111111111177771111111633333333333333333333333344222222222222222222222222222222222222222222222443333333333333333333336111111111111111111111111111777111111111111111111111111111111111111111111111111111116
111111111111111111111111111111111111111111111111111111111111111177771111111633333333333333333333333344222222222222222222222222222222222222222222222443333333333333333333333611111111111111111111111117777111111111111111111111111111111111111111111111111111116
111111111111111111111111111111111111111111111111111111111111111177771111111633333333333333333333333344422222222222222222222222222222222222222222224443333333333333333333333611111111111111111111111177777111111111111111111111111111111111111111111111111111663
111111111111111111111111111111111111111111111111111111111111111177771111111633333333333333333333333344222222222222222222222222222222222222222222222443333333333333333333333361111111111111111111111177771111111111111111111111111111111111111111111111111116633
111111111111111111111111111111111111111111111111111111111111111177771111111633333333333333333333333344222222222222222222222222222222222222222222222443333333333333333333333361111111111111111111111777771111111111111111111111111111111111111111111111111116333
111111111111111111111111111111111111111111111111111111111111111177771111116333333333333333333333333344222222222222222222222222222222222222222222222443333333333333333333333361111111111111111111117777711111111111111111111111111111111111111111111111111166333
111111111111111111111111111111111111111111111111111111111111111177771111116333333333333333333333333344222222222222222222222222222222222222222222222443333333333333333333333361111111111111111111177777111111111111111111111111111111111111111111111111111633333
111111111111111111111111111111111111111111111111111111111111111777771111116333333333333333333333333344222222222222222222222222222222222222222222222443333333333333333333333336111111111111111111777777111111111111111111111111111111111111111111111111111663333
111111111111111111111111111111111117777777777111711711111111111777777111116333333333333333333333333344222222222222222222222222222222222222222222222443333333333333333333333336111111111111111117777771111111111111111111111111111111111111111111111111111663333
111111111111111111111111111111117777777777777777777777777111117777777711116333333333333333333333333344222222222222222222222222222222222222222222222443333333333333333333333336111111111111111177777711111111111111111111111111111111111111111111111111116133333
111111111111111111111111111111777777777777777777777777777777777777777711116333333333333333333333333344222222222222222222222222222222222222222222222443333333333333333333333336111111111111117777777711111111111111111111111111111111111111111111111111663633333
111111111111111111111111111777777777777777777777777777777777777777777711116333333333333333333333333344222222222222222222222222222222222222222222222443333333333333333333333333611111111111777777777111111111111111111111111111111111111111111111111111633333333
111111111111111111111111177777777777777777777777777777777777777777777771117444444444444444444444444444222222222222222222222222222222222222222222222444444444444444444444444444611111111117777777771111111111111111111111111111111111111111111111111111163333333
111111111111111111111177777777777777117111111111111777777777777777777777172222222222222222222222222222222222222222222222222232222222222222222222222222222222222222222222222222211717777777777777111111111111111111111111111111111111111111111111111111116333333
111111111111111111111777777777777111111111111111111111111111111777777777777222222222222222222222222222222222222222222222222333222222222222222222222222222222222222222222222222772777777777777771111111111111111111111111111111111111111111111111111111111633333
111111111111111111117777777777711111111111111111111111111111111177777777272222222222222222222222222222222222222222222222223333322222222222222222222222222222222222222222222222277777777777777111111111111111111111111111111111111111111111111111111111111163333
111111111111111111777777777111111111111111111111111111111111111177777777777222222222222222222222222222222222222222222222223343322222222222222222222222222222222222222222222222727777777777711111111111111111111111111111111111111111111111111111111111111116333
111111111111111177777777711111111111111111111111111111111111111177777777727222222222222222222222222222222222222222222222223333322222222222222222222222222222222222222222222222777777777771111111111111111111111111111111111111111111111111111111111111111111633
111111111111111777777711111111111111111111111111111111111111111777777777777222222222222222222222222222222222222222222222222333222222222222222222222222222222222222222222222222727777777711111111111111111111111111111111111111111111111111111111111111111111633
111111111111177777771111111111111111111111111111111111111111111777771177272222222222222222222222222222222222222222222222222232222222222222222222222222222222222222222222222222277777777771111111111111111111111111111111111111111111111111111111111111111111633
111111111117777777111111111111111111111111111111111111111111117777711111111444444444444444444444444444222222222222222222222222222222222222222222222444444444444444444444444444611111777777111111111111111111111111111111111111111111111111111111111111111111633
111111111777777771111111111111111111111111111111111111111111117777111111116333333333333333333333333344222222222222222222222222222222222222222222222443333333333333333333333333611111177777711111111111111111111111111111111111111111111111111111111111111111633
111111777777777711111111111111111111111111111111111111111111177777111111116333333333333333333333333344222222222222222222222222222222222222222222222443333333333333333333333333611111111777771111111111111111111111111111111111111111111111111111111111111111633
111177777777771111111111111111111111111111111111111111111111177771111111116333333333333333333333333344222222222222222222222222222222222222222222222443333333333333333333333333611111111777777111111111111111111111111111111111111111111111111111111111111111636
777777777777711111111111111111111111111111111111111111111111777771111111116333333333333333333333333344222222222222222222222222222222222222222222222443333333333333333333333333611111111117777711111111111111111111111111111111111111111111111111111111111111163
777777777777111111111111111111111111111111111111111111111111777711111111111633333333333333333333333344222222222222222222222222222222222222222222222443333333333333333333333333611111111117777771111111111111111111111111111111111111111111111111111111111111633
777777777111111111111111111111111111111111111111111111111111777711111111111633333333333333333333333344222222222222222222222222222222222222222222222443333333333333333333333333611111111111777777111111111111111111111111111111111111111111111111111111111111633
777777711111111111111111111111111111111111111111111111111111777711111111111633333333333333333333333344222222222222222222222222222222222222222222222443333333333333333333333333611111111111117777711111111111111111111111111111111111111111111111111111111111663
777777111111111111111111111111111111111111111111111111111117777111111111111633333333333333333333333344222222222222222222222222222222222222222222222443333333333333333333333333611111111111117777771111111111111111111111111111111111111111111111111111111111633
777111111111111111111111111111111111111111111111111111111117771111111111111633333333333333333333333344222222222222222222222222222222222222222222222443333333333333333333333333611111111111111777771111111111111111111111111111111111111111111111111111111111663
771111111111111111111111111111111111111111111111111111111117771111111111111633333333333333333333333344222222222222222222222222222222222222222222222443333333333333333333333333611111111111111177777111111111111111111111111111111111111111111111111111111111633
111111111111111111111111111111111111111111111111111111111177771111111111111633333333333333333333333344422222222222222222222222222222222222222222224443333333333333333333333333611111111111111177777111111111111111111111111111111111111111111111111111111111633
111111111111111111111111111111111111111111111111111111111177771111111111111633333333333333333333333344222222222222222222222222222222222222222222222443333333333333333333333333611111111111111117777711111111111111111111111111111111111111111111111111111116633
111111111111111111111111111111111111111111111111111111111177771111111111111633333333333333333333333344222222222222222222222222222222222222222222222443333333333333333333333333611111111111111117777711111111111111111111111111111111111111111111111111111116333
111111111111111111111111111111111111111111111111111111111177771111111111111163333333333333333333333344222222222222222222222222222222222222222222222443333333333333333333333333611111111111111111777771111111111111111111111111111111111111111111111111111666333
111111111111111111111111111111111111111111111111111111111177711111111111111163333333333333333333333344222222222222222222222222222222222222222222222443333333333333333333333333611111111111111111177777111111111111111111111111111111111111111111111111111636333
111111111111111111111111111111111111111111111111111111111177711111111111111633333333333333333333333344222222222222222222222222222222222222222222222443333333333333333333333333611111111111111111177777711111111111111111111111111111111111111111111111111633333
111111111111111111111111111111111111111111111111111111111177711111111111111666333333333333333333333344222222222222222222222222222222222222222222222443333333333333333333333333611111111111111111117777771111111111111111111111111111111111111111111111116333333
111111111111111111111111111111111111111111111111111111111177711111111111111116333333333333333333333344222222222222222222222222222222222222222222222443333333333333333333333336111111111111111111111777777111111111111111111111111111111111111111111111116333333
111111111111111111111111111111111111111111111111111111111177711111111111111116333333333333333333333344222222224222222222222222222222222222422222222443333333333333333333333336111111111111111111111177777111111111111111111111111111111111111111111111666333333
111111111111111111111111111111111111111111111111111111111177711111111111111116333333333333333333333344444444444444444444422222224444444444444444444443333333333333333333333336111111111111111111111117777711111111111111111111111111111111111111111111163333333
111111111111111111111111111111111111111111111111111111111177711111111111111116333333333333333333333344444444444444444444422222224444444444444444444443333333333333333333333336111111111111111111111117777771111111111111111111111111111111111111111111633333333
111111111111111111111111111111111111111111111111111111111177711111111111111111663333333333333333333333333333333333333333422222224333333333333333333333333333333333333333333361111111111111111111111111177771111111111111111111111111111111111111111111133633333
111111111111111111111111111111111111111111111111111111111177711111111111111111163333333333333333333333333333333333333333422222224333333333333333333333333333333333333333333361111111111111111111111111117777111111111111111111111111111111111111111111163633333
111111111111111111111111111111111111111111111111111111111177771111111111111111166333333333333333333333333333333333333333422222224333333333333333333333333333333333333333333361111111111111111111111111117777711111111111111111111111111111111111111111116163333
111111111111111111111111111111111111111111111111111111111177771111111111111111111633333333333333333333333333333333333333422222224333333333333333333333333333333333333333333611111111111111111111111111111777711111111111111111111111111111111111111111111163333
111111111111111111111111111111111111111111111111111111111117771111111111111111111663333333333333333333333333333333333333422222224333333333333333333333333333333333333333333361111111111111111111111111111777771111111111111111111111111111111111111111111633333
111111111111111111111111111111111111111111111111111111111117777111111111111111111166333333333333333333333333333333333333422222224333333333333333333333333333333333333333333361111111111111111111111111111177777111111111111111111111111111111111111111116333333
111111111111111111111111111111111111111111111111111111111117777111111111111111111163333333333333333333333333333333333333422222224333333333333333333333333333333333333333333611111111111111111111111111111117777111111111111111111111111111111111111111163333333
111111111111111111111111111111111111111111111111111111111117777111111111111111111163633333333333333333333333333333333333422222224333333333333333333333333333333333333333366111111111111111111111111111111111777711111111111111111111111111111111111111163333333
111111111111111111111111111111111111111111111111111111111111777711111111111111111166166333333333333333333333333333333333422222224333333333333333333333333333333333333333611111111111111111111111111111111111777711111111111111111111111111111111111111633333333
111111111111111111111111111111111111111111111111111111111111777711111111111111111111111633333333333333333333333333333333422222224333333333333333333333333333333333333336111111111111111111111111111111111111177771111111111111111111111111111111111111633333333
111111111111111111111111111111111111111111111111111111111111177771111111111111111111111166333333333333333333333333333333422222224333333333333333333333333333333333333361111111111111111111111111111111111111177777111111111111111111111111111111111116363333333
111111111111111111111111111111111111111111111111111111111111177777111111111111111111111116333333333333333333333333333333422222224333333333333333333333333333333333333611111111111111111111111111111111111111117777111111111111111111111111111111111111666333333
111111111111111111111111111111111111111111111111111111111111117777111111111111111111111116333333333333333333333333333333422222224333333333333333333333333333333666666111111111111111111111111111111111111111117777111111111111111111111111111111111111111663333
111111111111111111111111111111111111111111111111111111111111117777711111111111111111111116333333333333333333333333333333422222224333333333333333333333333333336111111111111111111111111111111111111111111111111777111111111111111111111111111111111111111166333
111111111111111111111111111111111111111111111111111111111111111777711111111111111111111116633333333333333333333333333333422222224333333333333333333333333333336111111111111111111111111111111111111111111111111777711111111111111111111111111111111111111116333
111111111111111111111111111111111111111111111111111111111111111777771111111111111111111111633333333333333333333333333333422222224333333333333333333333333333361111111111111111111111111111111111111111111111111777711111111111111111111111111111111111111116333
111111111111111111111111111111111111111111111111111111111111111177777111111111111111111111633333333333333333333333333333422222224333333333333333333333333333361111111111111111111111111111111111111111111111111777711111111111111111111111111111111111111116633
111111111111111111111111111111111111111111111111111111111111111117777111111111111111111111633333333333333333333333333333422222224333333333333333333333333333611111111111111111111111111111111111111111111111111777711111111111111111111111111111111111111111633
111111111111111111111111111111111111111111111111111111111111111117777711111111111111111111663333333333333333333333333333422222224333333333333333333333333336111111111111111111111111111111111111111111111111111777711111111111111111111111111111111111111111633
111111111111111111111111111111111111111111111111111111111111111111777771111111111111111111116333333333333666333333333333422222224333333333333333333333333366111111111111111111111111111111111111111111111111111777711111111111111111111111111111111111111111663
111111111111111111111111111111111111111111111111111111111111111111777771111111111111111111111633333333366111633333333333422222224333333333333333333333336611111111111111111111111111111111111111111111111111111777711111111111111111111111111111111111111111163
111111111111111111111111111111111111111111111111111111111111111111177777111111111111111111111163333333611111163333333333422222224333333333333333333666661111111111111111111111111111111111111111111111111111111777711111111111111111111111111111111111111111163
111111111111111111111111111111111111111111111111111111111111111111117777711111111111111111111116333666111111116633333333422222224333333333333333333611111111111111111111111111111111111111111111111111111111111177711111111111111111111111111111111111111111163
111111111111111111111111111111111111111111111111111111111111111111111777771111111111111111111111666611111111111163333333422222224333333333333336666111111111111111111111111111111111111111111111111111111111111177711111111111111111111111111111111111111111163
111111111111111111111111111111111111111111111111111111111111111111111777777111111111111111111111111111111111111116666333422222224666666666666661111111111111111111111111111111111111111111111111111111111111111177711111111111111111111111111111111111111111163
111111111111111111111111111111111111111111111111111111111111111111111177777711111111111111111111111111111111111111111666127777271111111111111111111111111111111111111111111111111111111111111111111111111111111177711111111111111111111111111111111111111111163
111111111111111111111111111111111111111111111111111111111111111111111117777771111111111111111111111111111111111111111111172727771111111111111111111111111111111111111111111111111111111111111111111111111111111777711111111111111111111111111111111111111111163
111111111111111111111111111111111111111111111111111111111111111111111111777777711111111111111111111111111111111111111111117777771111111111111111111111111111111111111111111111111111111111111111111111111111111777711111111111111111111111111111111111111111633
111111111111111111111111111111111111111111111111111111111111111111111111177777771111111111111111111111111111111111111111117777271111111111111111111111111111111111111111111111111111111111111111111111111111111777711111111111111111111111111111111111111166633
111111111111111111111111111111111111111111111111111111111111111111111111117777777711111111111111111111111111111111111111117777771111111111111111111111111111111111111111111111111111111111111111111111111111111777711111111111111111111111111111111111111163333
111111111111111111111111111111111111111111111111111111111111111111111111111777777771111111111111111111111111111111111111177777771111111111111111111111111111111111111111111111111111111111111111111111111111111777711111111111111111111111111111111111111116333
111111111111111111111111111111111111111111111111111111111111111111111111111117777777711111111111111111111111111111111111177777777111111111111111111111111111111111111111111111111111111111111111111111111111111777711111111111111111111111111111111111111111633
111111111111111111111111111111111111111111111111111111111111111111111111111111777777777111111111111111111111111111111111777777777111111111111111111111111111111111111111111111111111111111111111111111111111111777711111111111111111111111111111111111111111633
111111111111111111111111111111111111111111111111111111111111111111111111111111117777777777111111111111111111111111111177777777777777111111111111111111111111111111111111111111111111111111111111111111111111111777711111111111111111111111111111111111111111633
111111111111111111111111111111111111111111111111111111111111111111111111111111111777777777711111111111111111111111777777777777777777777711111111111111111111111111111111111111111111111111111111111111111111111777711111111111111111111111111111111111111116333
111111111111111111111111111111111111111111111111111111111111111111111111111111111117777777777771177777777777777777777777777777777777777771111111111111111111111111111111111111111111111111111111111111111111111777711111111111111111111111111111111111111166333
111111111111111111111111111111111111111111111111111111111111111111111111111111111111177777777777777777777777777777777777777777777777777777111111111111111111111111111111111111111111111111111111111111111111117777111111111111111111111111111111111111111163333
111111111111111111111111111111111111111111111111111111111111111111111111111111111111111177777777777777777777777777777777771111111177777777771111111111111111111111111111111111111111111111111111111111111111117777111111111111111111111111111111111111111116333
111111111111111111111111111111111111111111111111111111111111111111111111111111111111111111177777777777777777777777777111111111111111117777777711111111111111111111111111111111111111111111111111111111111111177777111111111111111111111111111111111111111116633
111111111111111111111111111111111111111111111111111111111111111111111111111111111111111111111177777777777777771111111111111111111111111777777777711111111111111111111111111111111111111111111111111111111111177771111111111111111111111111111111111111111111663
111111111111111111111111111111111111111111111111111111111111111111111111111111111111111111111111111111111111111111111111111111111111111117777777777777111111111111111111111111111111111111111111111111111111777771111111111111111111111111111111111111111111163
111111111111111111111111111111111111111111111111111111111111111111111111111111111111111111111111111111111111111111111111111111111111111111177777777777777777711717777111111111111111111111111111111111111117777711111111111111111111111111111111111111111111163
111111111111111111111111111111111111111111111111111111111111111111111111111111111111111111111111111111111111111111111111111111111111111111111777777777777777777777777711111111111111111111111111111111111177777111111111111111111111111111111111111111111111163
111111111111111111111111111111111111111111111111111111111111111111111111111111111111111111111111111111111111111111111111111111111111111111111117777777777777777777777777711111111111111111111111111111111177777111111111111111111111111111111111111111111111633
111111111111111111111111111111111111111111111111111111111111111111111111111111111111111111111111111111111111111111111111111111111111111111111111111177777777777777777777777711111111111111111111111111111777771111111111111111111111111111111111111111111116633
111111111111111111111111111111111111111111111111111111111111111111111111111111111111111111111111111111111111111111111111111111111111111111111111111111111777777777777777777777117111111111111111111111117777771111111111111111111111111111111111111111111166333
111111111111111111111111111111111111111111111111111111111111111111111111111111111111111111111111111111111111111111111111111111111111111111111111111111111111111171717777777777777777711111171111111117777777711111111111111111111111111111111111111111111633333
111111111111111111111111111111111111111111111111111111111111111111111111111111111111111111111111111111111111111111111111111111111111111111111111111111111111111111111117777777777777777777777777777777777777111111111111111111111111111111111111111111116333333
111111111111111111111111111111111111111111111111111111111111111111111111111111111111111111111111111111111111111111111111111111111111111111111111111111111111111111111111177777777777777777777777777777777777111111111111111111111111111111111111111111111633333
111111111111111111111111111111111111111111111111111111111111111111111111111111111111111111111111111111111111111111111111111111111111111111111111111111111111111111111111111177777777777777777777777777777771111111111111111111111111111111111111111111116333333
111111111111111111111111111111111111111111111111111111111111111111111111111111111111111111111111111111111111111111111111111111111111111111111111111111111111111111111111111111111117777777777777777777777711111111111111111111111111111111111111111111116333333
111111111111111111111111111111111111111111111111111111111111111111111111111111111111111111111111111111111111111111111111111111111111111111111111111111111111111111111111111111111111111111117177711777777711111111111111111111111111111111111111111111111633333
111111111111111111111111111111111111111111111111111111111111111111111111111111111111111111111111111111111111111111111111111111111111111111111111111111111111111111111111111111111111111111111111111177777771111111111111111111111111111111111111111111111633333
111111111111111111111111111111111111111111111111111111111111111111111111111111111111111111111111111111111111111111111111111111111111111111111111111111111111111111111111111111111111111111111111111117777777111111111111111111111111111111111111111111111633333
111111111111111111111111111111111111111111111111111111111111111111111111111111111111111111111111111111111111111111111111111111111111111111111111111111111111111111111111111111111111111111111111111111777777111111111111111111111111111111111111111111116333333
111111111111111111111111111111111111111111111111111111111111111111111111111111111111111111111111111111111111111111111111111111111111111111111111111111111111111111111111111111111111111111111111111111117777711111111111111111111111111111111111111111116333333
111111111111111111111111111111111111111111111111111111111111111111111111111111111111111111111111111111111111111111111111111111111111111111111111111111111111111111111111111111111111111111111111111111117777711111111111111111111111111111111111111111116333333
111111111111111111111111111111111111111111111111111111111111111111111111111111111111111111111111111111111111111111111111111111111111111111111111111111111111111111111111111111111111111111111111111111111777711111111111111111111111111111111111111111111633333
111111111111111111111111111111111111111111111111111111111111111111111111111111111111111111111111111111111111111111111111111111111111111111111111111111111111111111111111111111111111111111111111111111111777711111111111111111111111111111111111111111111633333
111111111111111111111111111111111111111111111111111111111111111111111111111111111111111111111111111111111111111111111111111111111111111111111111111111111111111111111111111111111111111111111111111111111777771111111111111111111111111111111111111111111633333
111111111111111111111111111111111111111111111111111111111111111111111111111111111111111111111111111111111111111111111111111111111111111111111111111111111111111111111111111111111111111111111111111111111777771111111111111111111111111111111111111111111163333
111111111111111111111111111111111111111111111111111111111111111111111111111111111111111111111111111111111111111111111111111111111111111111111111111111111111111111111111111111111111111111111111111111111177771111111111111111111111111111111111111111111633333
111111111111111111111111111111111111111111111111111111111111111111111111111111111111111111111111111111111111111111111111111111111111111111111111111111111111111111111111111111111111111111111111111111111177771111111111111111111111111111111111111111111163333
111111111111111111111111111111111111111111111111111111111111111111111111111111111111111111111111111111111111111111111111111111111111111111111111111111111111111111111111111111111111111111111111111111111117777111111111111111111111111111111111111111111163333
111111111111111111111111111111111111111111111111111111111111111111111111111111111111111111111111111111111111111111111111111111111111111111111111111111111111111111111111111111111111111111111111111111111117777111111111111111111111111111111111111111111116333
111111111111111111111111111111111111111111111111111111111111111111111111111111111111111111111111111111111111111111111111111111111111111111111111111111111111111111111111111111111111111111111111111111111117777111111111111111111111111111111111111111111163333
111111111111111111111111111111111111111111111111111111111111111111111111111111111111111111111111111111111111111111111111111111111111111111111111111111111111111111111111111111111111111111111111111111111117777711111111111111111111111111111111111111111116333
111111111111111111111111111111111111111111111111111111111111111111111111111111111111111111111111111111111111111111111111111111111111111111111111111111111111111111111111111111111111111111111111111111111111777711111111111111111111111111111111111111111111633
111111111111111111111111111111111111111111111111111111111111111111111111111111111111111111111111111111111111111111111111111111111111111111111111111111111111111111111111111111111111111111111111111111111111177711111111111111111111111111111111111111111111633
111111111111111111111111111111111111111111111111111111111111111111111111111111111111111111111111111111111111111111111111111111111111111111111111111111111111111111111111111111111111111111111111111111111111177771111111111111111111111111111111111111111111633
111111111111111111111111111111111111111111111111111111111111111111111111111111111111111111111111111111111111111111111111111111111111111111111111111111111111111111111111111111111111111111111111111111111111177771111111111111111111111111111111111111111111633
111111111111111111111111111111111111111111111111111111111111111111111111111111111111111111111111111111111111111111111111111111111111111111111111111111111111111111111111111111111111111111111111111111111111177771111111111111111111111111111111111111111111163
111111111111111111111111111111111111111111111111111111111111111111111111111111111111111111111111111111111111111111111111111111111111111111111111111111111111111111111111111111111111111111111111111111111111117777111111111111111111111111111111111111111111163
111111111111111111111111111111111111111111111111111111111111111111111111111111111111111111111111111111111111111111111111111111111111111111111111111111111111111111111111111111111111111111111111111111111111117777111111111111111111111111111111111111111111163
111111111111111111111111111111111111111111111111111111111111111111111111111111111111111111111111111111111111111111111111111111111111111111111111111111111111111111111111111111111111111111111111111111111111117777111111111111111111111111111111111111111111163
111111111111111111111111111111111111111111111111111111111111111111111111111111111111111111111111111111111111111111111111111111111111111111111111111111111111111111111111111111111111111111111111111111111111111777711111111111111111111111111111111111111111163
111111111111111111111111111111111111111111111111111111111111111111111111111111111111111111111111111111111111111111111111111111111111111111111111111111111111111111111111111111111111111111111111111111111111111177771111111111111111111111111111111111111111633
111111111111111111111111111111111111111111111111111111111111111111111111111111111111111111111111111111111111111111111111111111111111111111111111111111111111111111111111111111111111111111111111111111111111111177771111111111111111111111111111111111111111633
111111111111111111111111111111111111111111111111111111111111111111111111111111111111111111111111111111111111111111111111111111111111111111111111111111111111111111111111111111111111111111111111111111111111111117771111111111111111111111111111116611111116633
111111111111111111111111111111111111111111111111111111111111111111111111111111111111111111111111111111111111111111111111111111111111111111111111111111111111111111111111111111111111111111111111111111111111111117777111111111111111111111111111116361111163333
111111111111111111111111111116111111111111111111111111111111111111111111111111111111111111111111111111111111111111111111111111111111111111111111111111111111111111111111111111111111111111111111111111111111111111777111111111111111111111111111166336111166333
111111111111111111111111111163611111111111111111111111111111111111111111111111111111111111111111111111111111111111111111111111111111111111111111111111111111111111111111111111111111111111111111111111111111111111777711111111111111111111111111663361111111633
111111111111111111111111111636111111111111111111111111111111111111111111111111111111111111111111111111111111111111111111111111111111111111111111111111111111111111111111111111111111111111111111111111111111111111777711111111111111111111111111633661111111163
111111111111111111111111111633611111111111111111111111111111111111111111111111111111111111111111111111111111111111111111111111111111111111111111111111111111111111111111111111111111111111111111111111111111111111177771111111111111111111111111633611111111163
111111111111111111111111111633611111111111111111111111111111111111111111111111111111111111111111111111111111111111111111111111111111111111111111111111111111111111111111111111111111111111111111111111111111111111177771111111111111111111111111633611111111116
111111111111111111111111166336611111111111111111111111111111111111111111111111111111111111111111111111111111111111111111111111111111111111111111111111111111111111111111111111111111111111111111111111111111111111117771111111111111111111111111633611111111116
111111111111111111111111663336111111111111111111111111111111111111111111111111111111111111111111111111111111111111111111111111111111111111111111111111111111111111111111111111111111111111111111111111111111111111117777111111111111111111111111633611111111116
111111111111111111111111633361111111111111111111111111111111111111111111111111111111111111111111111111111111111111111111111111111111111111111111111111111111111111111111111111111111111111111111111111111111111111111777111111111111111111111116333611111111116
111111111111111111111116633336111111111111111111111111111111111111111111111111111111111111111111111111111111111111111111111111111111111111111111111111111111111111111111111111111111111111111111111111111111111111111777111111111111111111111116333611111111116
111111111111111111111116333336111111111111111111111111111111111111111111111111111111111111111111111111111111111111661111111111111111111111111111111111111111111111111111111111111111111111111111111111111111111111111777711111111111111111111116633611111111116
111111111111111111111163333361111111111111111111111111111111111111111111111111111111111111111111111111111111616166336661111111111111111111111111111111111111111111111111111111111111111111111111111111111111111111111777711111111111111111111116333611111111116
111111111111111111111633333661111111111111111111111111111111111111111111111111111111111111111111111111116166363633333366111111111111111111111111111111111111111111111111111111111111111111111111111111111111111111111177711111111111111111111116633361111111116
111111111111111111116633333361111111111111111111111111111111111111111111111111111111111111111111111111166633333333333336611111111111111111111111111111111111111111111111111111111111111111111111111111111111111111111177711111111111111111111116333336111111116
111111111111111111116333333361111111111111111111111111111111111111111111111111111111111111111111111111633333333333333333361111111111111111111111111111111111111111111111111111111111111111111111111111111111111111111177711111111111111111111116333333611111163
111111111111111111116333333611111111111111111111111111111111111111111111111111111111111111111111111166633333333333333333331661111111111111111111111111111111111111111111111111111111111111111111111111111111111111111177711111111111111111111116333333361111663
111111111111111111166633333611111111111111111111111111111111111111111111111111111111111111111111111663333333333333333333333336111111111111111111111111111111111111111111111111111111111111111111111111111111111111111177711111111111111111111111663333336666633
111111111111111111166333333361111111111111111111111111111111111111111111111111111111111111111111111633333333333333333333333336111111111111111111111111111111111111111111111111111111111111111111111111111111111111111777711111111111111111111111163333333333333
111111111111111111663333333661111111111111111111111111111111111111111111111111111111111111111111111633333333333333333333333336661111111111111111111111111111111111111111111111111111111111111111111111111111111111111777711111111111111111111111116333333333333
111111111111111111633333333361111111111111111111111611111111111111111111111111111111111111111111116633333333333333333333333333661111111111111111111111111111111111111111111111111111111111111111111111111111111111111777711111111111111111111111116333333333333
111111111111111111633333333361111111111111111111116361111111111111111111111111111111111111111116663633333333333333333333333333336661111111111111111111111111111111111111111111111111111111111111111111111111111111111777711111111111111111111111111633333333333
611111111111111666333333333336611111111111111111663336611111111111111111111111111111111111111116333333333333333333333333333333333366661111111111111111111111111666666111111111111111111111111111111111111111111111111777711111111111166111111111111166333333333
361111111111666633333333333333366666611111166666633333366611111111111111111111111111111111111163333333333333333333333333333333333333366661111111111111111111166633333611111111111111111111666611111111111111111111111777711111111111663611111111111111633333333
336111111116666633333333333333333636166666663336333333333666111111111111111111111111111116166633333333333333333333333333333333333333333336166666111111111111163333333366666111111111111666333366111111111111111111117777711111111166333366111111111111163333333
333666116666333333333333333333333333333363333333633333333333666666666666666666666666666663636333333333333333333333333333333333333333333333633336666666666666633333333333336666666666666333333333666661111111111111177777711166666633333333666111111111163333333
333366666333333333333333333333333333333333333333333333333333333333333333333333333333333333333333333333333333333333333333333333333333333333333333333333333333333333333333333333333333333333333333333336111111111111177777111633333333333333333611111111116633333
